@misc{sockets,
  author = {Oracle},
  title = {What is a Socket? (The Java Tutorials)},
  note = {Accessed 03 April 2022},
  url = {https://docs.oracle.com/javase/tutorial/networking/sockets/definition.html}
}
@misc{java,
  author = {Java},
  title = {What is Java?},
  note = {Accessed 03 April 2022},
  url = {https://www.java.com/en/download/help/whatis_java.html}
}